@IEEEtranBSTCTL{IEEEexample:BSTcontrol,
  CTLuse_article_number = "yes",
  CTLuse_paper = "yes",
  CTLuse_url = "yes",
  CTLuse_forced_etal = "no",
  CTLmax_names_forced_etal = "10",
  CTLnames_show_etal = "1",
  CTLuse_alt_spacing = "yes",
  CTLalt_stretch_factor = "4",
  CTLdash_repeated_names = "no",
  CTLname_format_string = "{f.˜}{vv˜}{ll}{, jj}",
  CTLname_latex_cmd = "",
  CTLname_url_prefix = "[Online]. Available:"
}


@InCollection{StanfordHum:2016,
  author       =	{Morreall, John},
  title        =	{Philosophy of Humor},
  booktitle    =	{The Stanford Encyclopedia of Philosophy},
  editor       =	{Edward N. Zalta},
  howpublished =	{\url{https://plato.stanford.edu/archives/win2016/entries/humor/}},
  year         =	{2016},
  edition      =	{Winter 2016},
  publisher    =	{Metaphysics Research Lab, Stanford University}
}

@article{DesignExBeh:2017,
  title={Designing Expressive Behaviors to Improve Human-Robot Relationships},
  author={Anand, Sahil and Luetke, John and Venkatesh, Nikhil and Wong, Dorothy},
  journal={World Academy of Science, Engineering and Technology, International Journal of Mechanical and Mechatronics Engineering},
  volume={4},
  number={8},
  year={2017}
}


@inproceedings{KatevasRobot:2014,
  title={Robot stand-up: engineering a comic performance},
  author={Katevas, Kleomenis and Healey, Patrick GT and Harris, Matthew Tobias},
  booktitle={Proceedings of the Workshop on Humanoid Robots and Creativity at the IEEE-RAS International Conference on Humanoid Robots Humanoids (Madrid)},
  year={2014},
}

@inproceedings{RobotsMakeThings:2008,
  title={Robots Make Things Funnier.},
  author={Sj{\"o}bergh, Jonas and Araki, Kenji},
  booktitle={JSAI},
  pages={306--313},
  year={2008},
  organization={Springer}
}

@article{RobotComedyLab:2015,
  title={Robot Comedy Lab: experimenting with the social dynamics of live performance},
  author={Katevas, Kleomenis and Healey, Patrick GT and Harris, Matthew Tobias},
  journal={Frontiers in psychology},
  volume={6},
  year={2015},
  publisher={Frontiers Media SA}
}

@inproceedings{KnightEightLessons:2011,
  title={Eight lessons learned about non-verbal interactions through robot theater},
  author={Knight, Heather},
  booktitle={International Conference on Social Robotics},
  pages={42--51},
  year={2011},
  organization={Springer}
}

@inproceedings{KnightSavvy:2011,
  title={A savvy robot standup comic: Online learning through audience tracking},
  author={Knight, Heather and Satkin, Scott and Ramakrishna, Varun and Divvala, Santosh},
  booktitle={Workshop paper (TEI'10)},
  year={2011}
}

@misc{talkingFunny,
  author       = "Chris Rock, Ricky Gervais, Louis C.K., Jerry Seinfeld",
  title        = "Talking Funny",
  howpublished = "Home Box Office",
  month        = "dec",
  year         = "2012",
  crossref     = "https://www.youtube.com/watch?v=OKY6BGcx37k"
}


@inproceedings{SHORE,

  title={A modular framework to detect and analyze faces for audience measurement systems},
  author={Ernst, Andreas and Ruf, Tobias and Kueblbeck, Christian},
  booktitle={2nd Workshop on Pervasive Advertising at Informatik},
  pages={75--87},
  year={2009}
}

@inproceedings{Kahn:2008,
author = {Kahn, Peter H. and Freier, Nathan G. and Kanda, Takayuki and Ishiguro, Hiroshi and Ruckert, Jolina H. and Severson, Rachel L. and Kane, Shaun K.},
title = {Design Patterns for Sociality in Human-robot Interaction},
booktitle = {Proceedings of the 3rd ACM/IEEE International Conference on Human Robot Interaction},
series = {HRI '08},
year = {2008},
isbn = {978-1-60558-017-3},
location = {Amsterdam, The Netherlands},
pages = {97--104},
numpages = {8},
url = {http://doi.acm.org/10.1145/1349822.1349836},
doi = {10.1145/1349822.1349836},
acmid = {1349836},
publisher = {ACM},
address = {New York, NY, USA},
keywords = {design patterns, human-robot interaction, sociality},

}

@article{theoryOfMindRobots,
    title={Theory of mind for a humanoid robot},
      author={Scassellati, Brian},
        journal={Autonomous Robots},
          volume={12},
            number={1},
              pages={13--24},
                year={2002},
                  publisher={Springer}
}
@article{leslie,
    title={Pretense and Representation: The Origins of “Theory of Mind”},
    author={Leslie, Alan M},
    journal={Psychological Review},
    volume={94},
    number={4},
    pages={412--426},
    year={1987}
}


@inproceedings{hoffman2010anticipation,
  title={Anticipation in Human-Robot Interaction.},
  author={Hoffman, Guy},
  booktitle={AAAI Spring Symposium: It's All in the Timing},
  year={2010}
}

@misc{programmingLanguages, title={Aldebaran documentation}, url={http://doc.aldebaran.com/2-1/dev/programming_index.html}, journal={Programming — Aldebaran 2.1.4.13 documentation}}

@misc{monitor, title={Aldebaran documentation}, url={http://doc.aldebaran.com/2-1/software/monitor/index.html}, journal={Monitor — Aldebaran 2.1.4.13 documentation}}


@misc{audiodocmain, title={Aldebaran documentation}, url={http://doc.aldebaran.com/2-1/naoqi/audio/index.html}, journal={audioDocMain}}

@misc{touchsensors, title={Aldebaran documentation}, url={http://doc.aldebaran.com/2-1/naoqi/sensors/altouch.html#altouch}, journal={touchsensors}}

@misc{languageBenefits, title={Aldebaran documentation}, url={http://doc.aldebaran.com/2-1/dev/programming_index.html}, journal={languageBenefits}}

@misc{python.org, title={Welcome to Python.org}, url={https://www.python.org/}, journal={Python.org}}


@misc{pythonSDK, title={Python SDK - Overview}, url={http://doc.aldebaran.com/2-4/dev/python/intro_python.html}, journal={Aldebaran documentation}}

@misc{pyparse, url={http://svn.code.sf.net/p/pyparsing/code/branches/pyparsing_1.5.x/src/HowToUsePyparsing.html}, journal={Using the pyparsing module}, author={McGuire, Paul}, year={1970}, month={Jun}}

@misc{textblob, title={TextBlob: Simplified Text Processing}, url={http://textblob.readthedocs.io/en/dev/}, journal={TextBlob: Simplified Text Processing — TextBlob 0.14.0 documentation}}


@misc{spacy, title={spaCy - Industrial-strength Natural Language Processing in Python}, url={https://spacy.io/}, journal={spaCy - Industrial-strength Natural Language Processing in Python}}

@misc{pykov, title={riccardoscalco/Pykov}, url={https://github.com/riccardoscalco/Pykov}, journal={GitHub}, author={Riccardoscalco}, year={2017}, month={Oct}}

@misc{nltk, title={Natural Language Toolkit}, url={http://www.nltk.org/}, journal={Natural Language Toolkit — NLTK 3.2.5 documentation}}

@misc{visualmarkov, title={Markov Chains explained visually}, url={http://setosa.io/ev/markov-chains/}, journal={Explained Visually}, author={Vicapow}}

@misc{qimessagingjavascript, title={Aldebaran documentation}, url={http://doc.aldebaran.com/2-1/dev/js/index.html}, journal={QiMessaging JavaScript — Aldebaran 2.1.4.13 documentation}}



@misc{biampaudio, title={Microphone sensitivity}, url={https://support.biamp.com/General/Audio/Microphone_sensitivity}, journal={Biamp Systems}, publisher={Biamp Systems}, author={Systems, Biamp}, year={2016}, month={Jul}}


@misc{socketIO, title={Socket.IO}, url={https://socket.io/}, journal={Socket.IO}}

